%
% bibliografia exemplo
% UFRGS TeX Users Group
% $Id: exemplo.bib,v 5.3 2003/04/15 15:11:45 avila Exp $

%
% common addresses
%
@string{add:cambridge = "Cambridge, USA"}
@string{add:newyork = "New~York"}
@string{add:poa = "Porto~Alegre"}
@string{add:reading = "Reading, USA"}
@string{add:redwood = "Redwood~City, USA"}
@string{add:uppersr = "Upper Saddle River"}

%
% common publishers
%
@string{pub:acm = "ACM~Press"}
@string{pub:aw = "Addison-Wesley"}
@string{pub:bc = "Benjamin/Cummings"}
@string{pub:mgh = "McGraw-Hill"}
@string{pub:mit = "MIT~Press"}
@string{pub:ptr = "Prentice Hall PTR"}
@string{pub:springer = "Springer"}
@string{pub:cpgcc = "CPGCC da UFRGS"}
@string{pub:ppgc = "PPGC da UFRGS"}
@string{pub:sbc = "SBC"}

%
% common others
%
@string{org:ieee = "Institute of Electrical and Electronic Engineers"}
@string{org:IEEE = "{INSTITUTE OF ELECTRICAL AND ELECTRONIC ENGINEERS}"}
@string{org:ieee-abbrv = "IEEE"}
@string{org:sbc = "Sociedade Brasileira de Computa{\c{c}}{\~a}o"}
@string{ser:lncs = "Lecture Notes in Computer Science"}
@string{ins:ii = "Instituto de Inform{\'a}tica"}
@string{sch:ufrgs = "Universidade Federal do Rio Grande do~Sul"}
@string{sch:iiufrgs = "Instituto de Inform{\'a}tica, Universidade Federal do Rio Grande do~Sul"}
@string{sch:ppgc = "PPGC/UFRGS"}
@string{sch:cpgcc = "CPGCC/UFRGS"}

%
% Common events
%
@string{ev:sbac = "Simp{\'o}sio Brasileiro de Arquitetura de Computadores---Processamento de Alto Desempenho"}
@string{ev:semish = "Semin{\'a}rio Integrado de Software e~Hardware"}
@string{ev:cacic = "Congreso Argentino de Ciencias de la~Computaci{\'o}n"}

%==============================================================================%
%
%                           Referencia
%
%==============================================================================%
@UNPUBLISHED{IDCAndersonFigueiredo,
  AUTHOR				= "FIGUEIREDO, ANDERSON",
  TITLE 				= "Cloud computing já é usado em 18\% das companhias",
  howpublished 	= "Disponivél em www.ceti.org.br",
  YEAR 					= "2011",
  month 				= "04",
  note					=	"\texttt{http://www.ceti.org.br/web/noticias.php?id=126}",
  abstract			= "",
  keywords 			= "Cloud Computing",
  URL 					= "",
}

@UNPUBLISHED{MISCERIC,
  AUTHOR =      "KNORR, ERIC AND GRUMAN, GALEN",
  title =        "What cloud computing really means",
  howpublished = "Avaliable at infoworld.com",
  year =         "2011",
  month =        "07",
  note =         "\texttt{http://www.infoworld.com/d/cloud-computing/what-cloud-computing-really-means-031}",
  abstract =     "",
  keywords =     "",
  URL =		       "",
}
@techreport{RefArmbrust,
    AUTHOR    = "ARMBRUST, M., FOX, A., GRIFTH, R., JOSEPH, A. D., KATZ, R. H., KONWINSKI, A., LEE, G., PATTERSON, D. A., RABKIN, A., STOICA, I., AND ZAHARIA, M.",
    title     = "Above theclouds: A berkeley view of cloud computing.",
    institution = "EECS Department, University of California, Berkeley.",
    type     = "",
    number   = "Technical Report No. UCB/EECS-2009-28",
    address  = "",
    year      = "2009",
    month    = "10",
    note     = "",
}
@UNPUBLISHED{NIST,
  AUTHOR    	=	 "MELL. P, GRANCE. T",
  title =        "Draft NIST Working Definition of Cloud Computing.",
  howpublished = "National Institute of Standards and Technology",
  year =         "2009",
  month =        "",
  note =         "\texttt{http://csrc.nist.gov/groups/SNS/cloud-computing}",
  abstract =     "",
  keywords =     "",
  URL =		       "",
}
@UNPUBLISHED{Cezar2011,
  AUTHOR    	=	 "TAURION, CEZAR",
  title =        "A ``nuvem`` que traz uma revolução.",
  howpublished = "NEI International Industrial Conference	\& Show.",
  year =         "2011",
  month =        "06",
  note =         "NEI Meetings - \texttt{http://www.nei.com.br/artigos/download/julho\_2011\_tecnologia\_informacao.pdf}",
  abstract =     "",
  keywords =     "",
  URL =		       "",
}
@UNPUBLISHED{THINKSTRATEGIES,
  author    	=	 "THINKSTRATEGIES",
  title =        "The Future of IT in Large Corporations - A Whitepaper on  Software as a Service.	",
  howpublished = "THINKSTRATEGIES",
  year =         "2005",
  month =        "",
  note =         "\texttt{http://www.thinkstrategies.com/images/SaaS/\_WP/\_Final/\_072405.pdf}",
  abstract =     "",
  keywords =     "",
  URL =		       "",
}
@UNPUBLISHED{OpenCrowd,
  AUTHOR    	=	 "CLOUD TAXONOMY",
  title =        "Software as a Service (SaaS)",
  howpublished = "OpenCrowd - Cloud Taxonomy",
  year =         "2010",
  month =        "",
  note =         "\texttt{http://cloudtaxonomy.opencrowd.com/taxonomy/software-as-a-service/}",
  abstract =     "",
  keywords =     "",
  URL =		       "",
}
@UNPUBLISHED{ZOHO,
  AUTHOR    	=	 "Zoho",
  title =        "Platform as a Service ",
  howpublished = "ZOHOCreator",
  year =         "2010",
  month =        "",
  note =         "\texttt{http://www.zoho.com/creator/paas.html}",
  abstract =     "",
  keywords =     "",
  URL =		       "",
}
@book{MichaelMiller,
    AUTHOR    = "MICHAEL MILLER",
    title     = "Cloud Computing: Web-Based Applications That Change the Way You Work and Collaborate On-Line",
    publisher = "Que",
    volume   = "",
    number   = "",
    series   = "0789738031",
    address  = "",
    edition  = "1 edition",
    year      = "2008",
    month    = "08",
    note     = "",
}
@UNPUBLISHED{ISACASurvey,
  AUTHOR    	=	 "NEIL STINCHCOMBE",
  title =        "Study finds organisations using cloud think risks outweigh benefits",
  howpublished = "http://www.isaca.org/",
  year =         "2010",
  month =        "March",
  note =         "The ISACA IT Risk/Reward Barometer survey is based on online polling in March 2010 of 1 529 IT professionals who are ISACA members in Europe, Editorial Eskenzi PR - \texttt{http://www.itweb.co.za/office/isaca/PressRelease.php?StoryID=206464}",
  abstract =     "",
  keywords =     "",
  URL =		       "",
}
@techreport{BradNisbet,
    AUTHOR    = "BRAD NISBET",
    title     = "Monetizing the Cloud: XaaS Opportunities for Service Providers",
    institution = "IDC Analyze the Future",
    type     = "",
    number   = "",
    address  = "",
    year      = "2011",
    month    = "03",
    note     = "",
}
@UNPUBLISHED{ENISA,
    AUTHOR    = "ENISA",
    title     = "Cloud Computing - Benefits, risks and recommendations for information security ",
    institution = "EUROPEAN NETWORK AND INFORMATION SECURITY AGENCY (ENISA)",
    type     = "",
    number   = "",
    address  = "",
    year      = "2010",
    month    = "11",
    note     = "\texttt{http://www.enisa.europa.eu/}",
}
@UNPUBLISHED{RobinBloor,
    AUTHOR    = "BLOOR,ROBIN ",
    title     = "Everything as a Service: The Growth of Cloud Computing",   
  howpublished = "",
  year =         "2008",
  month =        "June",
  note ="\texttt{http://www.havemacwillblog.com/2008/06/everything-as-a-service-the-growth-of-cloud-computing/}",
  abstract =     "",
  keywords =     "",
  URL =		       "",
}
@MANUAL{ISTQB,
  TITLE =        "Advanced Level Syllabus",
  AUTHOR =       "International Software Testing Qualifications Board",
  organization = "ISTQB",
  address =      "",
  edition =      "Version 2007",
  month =        "",
  year =         "2007",
  note = 				 "Advanced  Level  Working  Party:  Bernard  Homès  (chair),  Graham  Bath,  Rex  Black,  Sigrid  Eldh, 
Jayapradeep  Jiothis,  Paul  Jorgensen,  Vipul  Kocher,  Judy  McKay,  Klaus  Olsen,  Randy  Rice,  Jürgen 
Richter, Eric Riou Du Cosquer, Mike Smith, Geoff Thompson, Erik Van Veenendaal;",
}
@book{JRANDJR,
    AUTHOR    = "RITTINGHOUSE,JOHN AND RANSOME, JAMES",
    title     = "Cloud Computing: Implementation, Management, and Security",
    publisher = "CRC Press",
    volume   = "",
    number   = "978-4398-0680-7",
    series   = "0789738031",
    address  = "",
    edition  = "1 edition",
    year      = "2010",
    month    = "",
    note     = "",
}
@book{TMAPBOOK,
    AUTHOR    = "MARIN POL AND RUUD TEUNISSEN AND ERIK VAN VEENENDAAL" ,
    title     = "Software Testing - A guide to the TMAP Aprroach",
    publisher = "Addison-Wesley",
    volume   = "",
    number   = "",
    series   = "0201745712",
    address  = "",
    edition  = "1 edition",
    year      = "2011",
    month    = "",
    note     = "",
}
@book{TPIGuide,
	AUTHOR = 	"TIM KOOMEN AND MARTIN POL",
	Title = 	"Test Process Improvement: A step-by-step guide to structured testing",
	publisher = 	"ADDISON-WESLEY",
	volume = 	"",
	series = 	"978-0-201-589624-3",
	edition = 	"",	
	year = 		"1999",
	month = 	"January",
}
@book{TPIBOOK,
	AUTHOR = 	"SOGETI",
	Title = 	"TPI Next - Business Driven Test Process Improvement",
	publisher = 	"UTN PUBLISHERS",
	volume = 	"",
	series = 	"9072194977",
	edition = 	"1 edition",	
	year = 		"2009",
	month = 	"November ",
}
@book{SQAPraticeBook,
	AUTHOR = 	"NINA S. GODBOLE",
	Title = 	"Software Quality Assurance: Principles And Practice",
	publisher = 	"Alpha Science Intl Ltd",
	volume = 	"",
	series = 	"978-1842651766",
	edition = 	"",	
	year = 		"2004",
	month = 	"August",
}
@book{TMAPRDBOOK,	
	AUTHOR = 	"TIM KOOMEN AND LEO VAN DER AALST AND BART BROEKMAN AND MICHIEL VROON",
	Title = 	"TMap Next, for result-driven testing",
	publisher = 	"UTN Publishers",
	volume = 	"",
	series = 	"978-9072194800",
	edition = 	"",	
	year = 		"2006",
	month = 	"December",
}
@book{MSTESTBOOK,
	AUTHOR = 	"ALAN PAGE AND KEN JOHNSTON AND BJ ROLLISON",
	Title = 	"How We Test Software at Microsoft",
	publisher =	 "Microsoft Press",
	volume = 	"",
	series = 	"978-0735624252",
	edition	 = 	"1 edition",	
	year = 		"2008",
	month = 	"December",
}

@book{STABOOK,
	AUTHOR = 	"MARK FEWSTER AND DOROTHY GRAHAM",
	Title = 	"Software Test Automation",
	publisher = 	"Addison-Wesley Professional",
	volume = 	"",
	series = 	"978-0201331400",
	edition = 	"",	
	year = 		"1999",
	month = 	"September",
}

@book{ISTQBBOOKVI,
	AUTHOR = 	"REX BLACK",
	Title = 	"Advanced Software Testing - Vol. 1: Guide to the ISTQB Advanced Certification as an Advanced Test Analyst ",
	publisher = 	"Rocky Nook",
	volume = 	"",
	series = 	"978-1933952192",
	edition = 	"1 edition",	
	year = 		"2008",
	month = 	"October",
}
@book{ISTQBBOOKVII,
	AUTHOR = 	"REX BLACK",
	Title = 	"Advanced Software Testing - Vol. 2: Guide to the Istqb Advanced Certification as an Advanced Test Manager",
	publisher = 	"Rocky Nook",
	volume = 	"",
	series = 	"978-1933952369",
	edition = 	"1 edition",	
	year = 		"2009",
	month = 	"January ",
}
@book{ISTQBBOOKVIII,
	AUTHOR = 	"ISTQBBOOKVII REX BLACK",
	Title =		"Advanced Software Testing - Vol. 3: Guide to the ISTQB Advanced Certification as an Advanced Technical Test Analyst",
	publisher = 	"Rocky Nook",
	volume = 	"",
	series = 	"978-1933952390",
	edition = 	"1 edition",	
	year = 		"2011",
	month = 	"July ",
}
@book{ProgramaticST,
	AUTHOR = 	"REX BLACK",
	Title = 	"Pragmatic Software Testing: Becoming an Effective and Efficient Test Professional",
	publisher =	"Wiley",
	volume = 	"",
	series =	"978-0470127902",
	edition =	"1 edition",	
	year = 		"2007",
	month = 	"February",
}
@book{AgileTesting,
	AUTHOR = 	"LISA CRISPIN AND JANET GREGORY",
	Title = 	"Agile Testing: A Practical Guide for Testers and Agile Teams",
	publisher =	"Addison-Wesley Professional",
	volume = 	"",
	series =	"978-0321534460",
	edition =	"1 edition",	
	year = 		"2009",
	month = 	"January",
}
@book{kaner2011lessons,
	AUTHOR = 	"KANER, C. AND BACH, J. AND PEETTICHORD, B.",
	Title = 	"Lessons Learned in Software Testing: A Context-Driven Approach",
	publisher="John Wiley \& Sons",
	serie = 	"9781118080559",
	year = 		"2011",
	month = 	"January",
}
@book{Thiollent,
	AUTHOR = 	"THIOLLENT, MICHEL.",
	Title = 	"Metodologia da Pesquisa-ação",
	publisher =	"São Paulo: Corteaz: Autores Associados",
	volume = 	"",
	series =	"",
	edition =	"1 Edition",	
	year = 		"1986",
	month = 	"",
}
@book{CloudComputingAA,
	AUTHOR = 	"REESE, GEORGE.",
	Title = 	"Cloud Application Architectures - Building Applications and Infrastructure in the Cloud",
	publisher =	"O'Reilly Media, INC",
	volume = 	"",
	series =	"987-0-596-15636-7",
	edition =	"1 Edition",	
	year = 		"2009",
	month = 	"",
}
@MANUAL{ISO91261,
  TITLE =        "ISO/IEC 9126-1:2001 Software Engineering - Product quality - Part 1: Quality Model",
  author =       "ISO/IEC9126:1",
  organization = "ISO - Internatinal Organization For Standardization",
  address =      "",
  edition =      "1 (Monolingual)",
  month =        "03",
  year =         "2011",
  note =         "",
  abstract =     "",
  keywords =     "",
  source =       "",
}
@MANUAL{ISO91262,
  TITLE =        "ISO/IEC 9126-2:2003 Software Engineering - Product quality - Part 2: External Metrics",
  author =       "ISO/IEC9126:2",
  organization = "ISO - Internatinal Organization For Standardization",
  address =      "",
  edition =      "1 (Monolingual)",
  month =        "04",
  year =         "2011",
  note =         "",
  abstract =     "",
  keywords =     "",
  source =       "",
}
@MANUAL{ISO91263,
  TITLE =        "ISO/IEC 9126-3:2003 Software Engineering - Product quality - Part 3: Internal Metrics",
  author =       "ISO/IEC9126:3",
  organization = "ISO - Internatinal Organization For Standardization",
  address =      "",
  edition =      "1 (Monolingual)",
  month =        "04",
  year =         "2011",
  note =         "",
  abstract =     "",
  keywords =     "",
  source =       "",
}
@MANUAL{ISO91264,
  TITLE =        "ISO/IEC 9126-4:2004 Software Engineering - Product quality - Part 4: Quality in use metrics",
  author =       "ISO/IEC9126:4",
  organization = "ISO - Internatinal Organization For Standardization",
  address =      "",
  edition =      "1 (Monolingual)",
  month =        "04",
  year =         "2011",
  note =         "",
  abstract =     "",
  keywords =     "",
  source =       "",
}
@MANUAL{ISO15504,
  TITLE =        "ISO/IEC TS 15504:2004 information technology -- Process assessment -- Part1-9",
  author =       "ISO/15504",
  organization = "ISO - Internatinal Organization For Standardization",
  address =      "",
  edition =      "1 (Monolingual)",
  month =        "04",
  year =         "2004",
  note =         "",
  abstract =     "",
  keywords =     "",
  source =       "",
}
@MANUAL{ISO12207,
  TITLE =        "ISO/IEC 12207:2008 System and Software engineering - Software life cycle processes",
  author =       "ISO/IEC12207",
  organization = "ISO - Internatinal Organization ForS tandardization",
  address =      "",
  edition =      "2 (Monolingual)",
  month =        "03",
  year =         "2008",
  note =         "",
  abstract =     "",
  keywords =     "",
  source =       "",
}
@MANUAL{IEE610,
  TITLE =        "610-1990 - IEEE Standard Computer Dictionary: Compilation of IEEE Standard Computer Glossaries",
  author =       "IEEE610-1990",
  organization = "IEEE Computer Society",
  address =      "",
  edition =      "",
  month =        "04",
  year =         "2001",
  note =         "",
  abstract =     "",
  keywords =     "",
  source =       "",
}
@MANUAL{IEE829,
  TITLE =        "829-2008 - IEEE Standard for Software and System Test Documentation",
  author =       "IEEE829-2008",
  organization = "IEEE Computer Society",
  address =      "",
  edition =      "",
  month =        "04",
  year =         "2001",
  note =         "",
  abstract =     "",
  keywords =     "",
  source =       "",
}
@MANUAL{IEE1028,
  TITLE =        "1028-2008 - IEEE Standard for Software Review and Audits",
  author =       "IEE1028-2008",
  organization = "IEEE Computer Society",
  address =      "",
  edition =      "",
  month =        "04",
  year =         "2001",
  note =         "",
  abstract =     "",
  keywords =     "",
  source =       "",
}
@MANUAL{IEE1044,
  TITLE =        "IEE1044-2009 - IEEE Standard Classification for Software Anomalies",
  author =       "IEE1044-2009",
  organization = "IEEE Computer Society",
  address =      "",
  edition =      "",
  month =        "04",
  year =         "2001",
  note =         "",
  abstract =     "",
  keywords =     "",
  source =       "",
}
@UNPUBLISHED{Pronus,
author   			= "FELIPE DIAS, ANDRÉ.",
title    			= "Por que investir em melhoria de processos?",   
howpublished 	= " PRONUS\textsuperscript{\textregistered}  Engenharia de Software",
year 					= "2008",
month 				= "June",
note = "\texttt{http://pronus.eng.br/artigos\_tutoriais/processo\_desenvolvimento/melhoria\_processo.php?pagNum=0/}",
abstract 			= "",
keywords 			= "",
URL 					= "",
}
@MISC{CloudComputingClearDefined,
  author =       "CZERNICKI, BART.",
  title =        "IaaS, PaaS and SaaS Terms Clearly Explained and Defined",
  howpublished = "www.silverlighthack.com",
  year =         "2011",
  month =        "February",
  note =         "\texttt{http://www.silverlighthack.com/post/2011/02/27/IaaS-PaaS-and-SaaS-Terms-Explained-and-Defined.aspx}",
  abstract =     "",
  keywords =     "",
  source =       "Silverlighthack.com",
}
@MISC{CloudLockInA,
  author =       "Widjaya, Ivan.",
  title =        "Three Types of Cloud Lockin",
  howpublished = "Cloud Business Review - Resources, review and trends.",
  year =         "2011",
  month =        "May",
  note =         "",
  abstract =     "",
  keywords =     "",
  source =       "\texttt{http://www.cloudbusinessreview.com/2011/05/11/three-types-of-cloud-lock-in.html}",
}
@MISC{CloudLockInB,
  author =       "Hinkle, Mark.",
  title =        "Three Cloud Lock-in Considerations",
  howpublished = "ZENOS\textsuperscript{\textregistered} - Open Source IT Management",
  year =         "2010",
  month =        "June",
  note =         "",
  abstract =     "",
  keywords =     "",
  source =       "\texttt{http://community.zenoss.org/blogs/zenossblog/2010/06/09/three-cloud-lock-in-considerations}",
}
@ARTICLE{MPTBR,
  AUTHOR =       "MPT.BR",
  TITLE =        "MPT Melhoria do Processo de Teste",
  JOURNAL =      "",
  YEAR =         "2010",
  volume =       "",
  number =       "",
  pages =        "",
  month =        "June",
  note =         " Centro de Excelência em Tecnologia de Software",
  abstract =     "",
  keywords =     "",
  source =       "\texttt{http://www.mpt.org.br/}",
}
@MISC{Softex,
  author =       "SOFTEX",
  title =        "Softex",
  howpublished = "Softex.br",
  year =         "2010",
  month =        "June",
  note =         " Centro de Excelência em Tecnologia de Software",
  abstract =     "",
  keywords =     "",
  source =       "\texttt{http://www.softex.br}",
}
@MISC{ALATS,
  author =       "ALATS",
  title =        "ALATS",
  howpublished = "www.alats.org.br",
  year =         "2002",
  month =        "June",
  note =         "Associação Latino Americana de Teste de Software",
  abstract =     "",
  keywords =     "",
  source =       "",
}
@MISC{RIOSOFT,
  author =       "RIOSOFT",
  title =        "RIOSOFT",
  howpublished = "",
  year =         "1990",
  month =        "June",
  note =         "Cia. Brasileira de Software e Serviços Ltda",
  abstract =     "",
  keywords =     "",
  source =       "",
}
@MISC{TMMI,
  author =       "TMMi Foundation",
  title =        "Test Maturity Model Integrated (TMMi)",
  howpublished = "TMMi Foundation",
  year =         "2009",
  month =        "June",
  note =         "",
  abstract =     "",
  keywords =     "",
  source =       "\texttt{http://www.tmmifoundation.org}",
}

