@book{ERICRIES_THELEAN,
	author = {Ries, Eric,},
	title = {The Lean Startup: How Today's Entrepreneurs Use Continuous Innovation to Create Radically Successful Businesses },
	publisher = {Crown Business,},
	year = {c2011.},
	address = {New York :},
	edition = {1st ed.}
}
@report{COLEMANPARKES_AGILE_2017,
author = {Coleman Parkes Research, CA Technologies},
title = {ACCELERATING VELOCITY AND CUSTOMER VALUE WITH AGILE AND DEVOPS},
type = {},
institution = {},
year = {2017},
OPTsubtitle = {},
OPTtitleaddon = {},
OPTlanguage = {},
OPTnumber = {},
OPTversion = {},
OPTnote = {},
OPTlocation = {},
OPTmonth = {},
OPTisrn = {},
OPTchapter = {},
OPTpages = {},
OPTpagetotal = {},
OPTaddendum = {},
OPTpubstate = {},
OPTdoi = {},
OPTeprint = {},
OPTeprintclass = {},
OPTeprinttype = {},
OPTurl = {},
OPTurldate = {},
}

@MISC{MANISFESTOAGILE,
  author =       {Agile},
  title =        {Manifesto for Agile Software Development},
  howpublished = {\texttt{http://agilemanifesto.org/}},
  year =         {2001},
  month =        {February}
}
@Book{knuth:84,
  author = 	 {Donald E. Knuth},
  title = 	 {The {\TeX} Book},
  publisher = 	 {Addison-Wesley},
  year = 	 {1984},
  edition = 	 {15th}
}
@InCollection{boulic:91,
  author = 	 {R. Boulic and O. Renault},
  title = 	 {3D Hierarchies for Animation},
  booktitle = 	 {New Trends in Animation and Visualization},
  publisher =    {John Wiley {\&} Sons ltd.},
  year = 	 {1991},
  editor = 	 {Nadia Magnenat-Thalmann and Daniel Thalmann}
}

@InCollection{smith:99,
  author = 	 {A. Smith and B. Jones},
  title = 	 {On the Complexity of Computing},
  booktitle = 	 {Advances in Computer Science},
  pages = 	 {555--566},
  publisher =    {Publishing Press},
  year = 	 {1999},
  editor = 	 {A. B. Smith-Jones}
}
